@article{ref:nc2012,
	author = {Krioukov, Dmitri and 
		Kitsak, Maksim and 
		Sinkovits, Robert S. and 
		Rideout, David and 
		Meyer, David and 
		Boguna, Marian},
	title = {Network Cosmology},
	journal = {Scientific Reports},
	volume = {2},
	year = {2012},
	number = {793}
}

@article{ref:snc2012,
	author = {Krioukov, Dmitri and
		Kitsak, Maksim and
		Sinkovits, Robert S. and
		Rideout, David and
		Meyer, David and
		Boguna, Marian},
	title = {Supplemental Information for Network Cosmology},
	year = {2012}
}

@article{ref:asmus2009,
	author = {Asmus, Immanuel},
	title = {Duality between Hyperbolic and de Sitter Geometry},
	journal = {Journal of Geometry},
	volume = {96},
	year = {2009},
}
